@article{MATHEWS2005333,
title = {Next-to-leading order QCD corrections to the Drell–Yan cross section in models of TeV-scale gravity},
journal = {Nuclear Physics B},
volume = {713},
number = {1},
pages = {333-377},
year = {2005},
issn = {0550-3213},
doi = {https://doi.org/10.1016/j.nuclphysb.2005.01.051},
url = {https://www.sciencedirect.com/science/article/pii/S0550321305001045},
author = {Prakash Mathews and V. Ravindran and K. Sridhar and W.L. {van Neerven}},
keywords = {11.10.Kk, 12.10.-g, 12.38.-t, 13.60.Hb},
abstract = {The first results on next-to-leading order QCD corrections to graviton-induced processes in hadron collisions in models of TeV-scale gravity are presented focusing on the case of dilepton pair production in p¯p and pp collisions. Distributions in the invariant mass Q, the longitudinal fraction xF, the rapidity Y and the forward–backward asymmetry of the lepton pair are studied. The quantitative impact of the QCD corrections for searches of extra dimensions at hadron colliders is investigated. It turns out that at the LHC (S=14 TeV) the K-factor is rather large (K=1.6) for large invariant mass Q of the lepton pair, indicating the importance of accounting for these QCD corrections in the experimental search for TeV-scale gravity. At the Tevatron, the K-factor does not substantially deviate from the Standard Model value. However, its inclusion is necessitated to make the cross section stable with respect to scale variations.}
}

@misc{PYTHIA8DOC,
      title={A comprehensive guide to the physics and usage of PYTHIA 8.3}, 
      author={Christian Bierlich and Smita Chakraborty and Nishita Desai and Leif Gellersen and Ilkka Helenius and Philip Ilten and Leif Lönnblad and Stephen Mrenna and Stefan Prestel and Christian T. Preuss and Torbjörn Sjöstrand and Peter Skands and Marius Utheim and Rob Verheyen},
      year={2022},
      eprint={2203.11601},
      archivePrefix={arXiv},
      primaryClass={hep-ph},
      url={https://arxiv.org/abs/2203.11601}, 
}

@article{HERWIGDOCS,
   title={Herwig++ physics and manual},
   volume={58},
   ISSN={1434-6052},
   url={http://dx.doi.org/10.1140/epjc/s10052-008-0798-9},
   DOI={10.1140/epjc/s10052-008-0798-9},
   number={4},
   journal={The European Physical Journal C},
   publisher={Springer Science and Business Media LLC},
   author={Bähr, Manuel and Gieseke, Stefan and Gigg, Martyn A. and Grellscheid, David and Hamilton, Keith and Latunde-Dada, Oluseyi and Plätzer, Simon and Richardson, Peter and Seymour, Michael H. and Sherstnev, Alexander and Webber, Bryan R.},
   year={2008},
   month=nov, pages={639–707} }

@misc{PYRESIAS,
      title={$\texttt{Pyresias}$: How To Write a Toy Parton Shower}, 
      author={Andreas Papaefstathiou},
      year={2024},
      eprint={2406.03528},
      archivePrefix={arXiv},
      primaryClass={hep-ph},
      url={https://arxiv.org/abs/2406.03528}, 
}


@article{LHEFFORMAT,
   title={A standard format for Les Houches Event Files},
   volume={176},
   ISSN={0010-4655},
   url={http://dx.doi.org/10.1016/j.cpc.2006.11.010},
   DOI={10.1016/j.cpc.2006.11.010},
   number={4},
   journal={Computer Physics Communications},
   publisher={Elsevier BV},
   author={Alwall, J. and Ballestrero, A. and Bartalini, P. and Belov, S. and Boos, E. and Buckley, A. and Butterworth, J.M. and Dudko, L. and Frixione, S. and Garren, L. and Gieseke, S. and Gusev, A. and Hinchliffe, I. and Huston, J. and Kersevan, B. and Krauss, F. and Lavesson, N. and Lönnblad, L. and Maina, E. and Maltoni, F. and Mangano, M.L. and Moortgat, F. and Mrenna, S. and Papadopoulos, C.G. and Pittau, R. and Richardson, P. and Seymour, M.H. and Sherstnev, A. and Sjöstrand, T. and Skands, P. and Slabospitsky, S.R. and Wa̧s, Z. and Webber, B.R. and Worek, M. and Zeppenfeld, D.},
   year={2007},
   month=feb, pages={300–304} }


@article{Aad_2020,
   title={Higgs boson production cross-section measurements and their EFT interpretation in the $4\ell$ decay channel at $\sqrt{s}=13$ TeV with the ATLAS detector},
   volume=80,
   ISSN={1434-6052},
   url={http://dx.doi.org/10.1140/epjc/s10052-020-8227-9},
   DOI={10.1140/epjc/s10052-020-8227-9},
   number=10,
   journal={The European Physical Journal C},
   publisher={Springer Science and Business Media LLC},
   author={The Atlas Collaboration},
   year=2020,
   month=oct }


@book{peskin-schroeder,
title={An Introduction to Quantum Field Theory},
author={Michael Peskin and Daniel Schroeder},
year=2019,
publisher={CRC Press},
}

@book{Press_2007, address={Cambridge, UK}, edition={3rd ed}, title={Numerical recipes: the art of scientific computing}, ISBN={978-0-511-33555-6}, abstractNote={“Numerical Recipes is a series of text and reference books on ‘the art of scientific computing’ that is famous for its engaging text and lucid mathematical and algorithmic explanations. The book includes commented full listings of now more than 400 unique C++ routines that can be downloaded in machine-readable form (see right) for inclusion in users’ programs.” Numerical Recipes Electronic is the online version of the 2007 Third Edition in C++}, publisher={Cambridge University Press}, author={Press, William H.}, year={2007}, language={eng} }

@article{PDG,
    author = "Navas, S. and others",
    collaboration = "Particle Data Group",
    title = "{Review of particle physics}",
    doi = "10.1103/PhysRevD.110.030001",
    journal = "Phys. Rev. D",
    volume = "110",
    number = "3",
    pages = "030001",
    year = "2024"
}




@misc{Hoang_2024,
      title={Matching Hadronization and Perturbative Evolution: The Cluster Model in Light of Infrared Shower Cutoff Dependence}, 
      author={André H. Hoang and Oliver L. Jin and Simon Plätzer and Daniel Samitz},
      year={2024},
      eprint={2404.09856},
      archivePrefix={arXiv},
      primaryClass={hep-ph},
      url={https://arxiv.org/abs/2404.09856}, 
}