 @article{Anderson_1970, title={A poor man’s derivation of scaling laws for the Kondo problem}, volume={3}, ISSN={0022-3719}, DOI={10.1088/0022-3719/3/12/008}, number={12}, journal={Journal of Physics C: Solid State Physics}, author={Anderson, P W}, year={1970}, month=dec, pages={2436–2441} }
 
 @article{DeHaas_1936, title={The electrical resistance of gold and silver at low temperatures}, volume={3}, rights={https://www.elsevier.com/tdm/userlicense/1.0/}, ISSN={00318914}, DOI={10.1016/S0031-8914(36)80009-3}, number={6}, journal={Physica}, author={De Haas, W.J. and Van Den Berg, G.J.}, year={1936}, month=jun, pages={440–449}, language={en} }
 
 @book{Hewson_1993, address={Cambridge}, series={Cambridge studies in magnetism}, title={The Kondo problem to heavy fermions}, ISBN={978-0-521-36382-2}, callNumber={539.721}, publisher={Cambridge university press}, author={Hewson, Alexander Cyril}, year={1993}, collection={Cambridge studies in magnetism}, language={eng} }
 
 @article{Kondo_1964, title={Resistance Minimum in Dilute Magnetic Alloys}, volume={32}, ISSN={0033-068X, 1347-4081}, DOI={10.1143/PTP.32.37}, number={1}, journal={Progress of Theoretical Physics}, author={Kondo, J.}, year={1964}, month=jul, pages={37–49}, language={en} }
 
 @article{Meissner_1930, title={Messungen mit Hilfe von flüssigem Helium XI Widerstand der reinen Metalle in tiefen Temperaturen}, volume={399}, ISSN={0003-3804, 1521-3889}, DOI={10.1002/andp.19303990803}, number={8}, journal={Annalen der Physik}, author={Meissner, W. and Voigt, B.}, year={1930}, month=jan, pages={892–936}, language={en} }
 
 @book{manybodyphys_2015, address={Jülich}, series={Schriften des Forschungszentrums Jülich. Reihe Modeling and Simulation}, title={Many-body physics: from Kondo to Hubbard: lecture notes of the Autumn School on Correlated Electrons 2015: at Forschungszentrum Jülich, 21-25 September 2015}, ISBN={978-3-95806-074-6}, publisher={Forschungszentrum Jülich}, year={2015}, collection={Schriften des Forschungszentrums Jülich. Reihe Modeling and Simulation}, language={eng} }

@article{Wilson_1975, title={The renormalization group: Critical phenomena and the Kondo problem}, volume={47}, rights={http://link.aps.org/licenses/aps-default-license}, ISSN={0034-6861}, DOI={10.1103/RevModPhys.47.773}, number={4}, journal={Reviews of Modern Physics}, author={Wilson, Kenneth G.}, year={1975}, month=oct, pages={773–840}, language={en} }

 @article{Nozieres_1980, title={Kondo effect in real metals}, volume={41}, ISSN={0302-0738}, DOI={10.1051/jphys:01980004103019300}, number={3}, journal={Journal de Physique}, author={Nozières, Ph. and Blandin, A.}, year={1980}, pages={193–211} }

 @article{Schlottmann_1993, title={Multichannel Kondo problem and some applications}, volume={42}, ISSN={0001-8732, 1460-6976}, DOI={10.1080/00018739300101534}, number={6}, journal={Advances in Physics}, author={Schlottmann, P. and Sacramento, P.D.}, year={1993}, month=dec, pages={641–682}, language={en} }

@article{Bulla_2008, title={Numerical renormalization group method for quantum impurity systems}, volume={80}, rights={http://link.aps.org/licenses/aps-default-license}, ISSN={0034-6861, 1539-0756}, DOI={10.1103/revmodphys.80.395}, number={2}, journal={Reviews of Modern Physics}, publisher={American Physical Society (APS)}, author={Bulla, Ralf and Costi, Theo A. and Pruschke, Thomas}, year={2008}, month=apr, pages={395–450}, language={en} }

 @article{Krishna-murthy_Wilkins_Wilson_1980, title={Renormalization-group approach to the Anderson model of dilute magnetic alloys. I. Static properties for the symmetric case}, volume={21}, ISSN={0163-1829}, DOI={10.1103/PhysRevB.21.1003}, number={3}, journal={Physical Review B}, author={Krishna-murthy, H. and Wilkins, J. and Wilson, K.}, year={1980}, month=feb, pages={1003–1043}, language={en} }